<record><leader>00000cas a22000007a 4500</leader><controlfield tag="001">13286869</controlfield><controlfield tag="008">860312d1801181upauwr ne      0    0eng d</controlfield><datafield ind1=" " ind2=" " tag="010"><subfield code="a">sn 86081163 </subfield></datafield><datafield ind1=" " ind2=" " tag="040"><subfield code="a">NPH</subfield><subfield code="b">eng</subfield><subfield code="c">NPH</subfield><subfield code="d">DLC</subfield><subfield code="d">NPX</subfield><subfield code="d">OCLCG</subfield><subfield code="d">OCLCA</subfield></datafield><datafield ind1="1" ind2=" " tag="029"><subfield code="a">AU@</subfield><subfield code="b">000025813190</subfield></datafield><datafield ind1=" " ind2=" " tag="042"><subfield code="a">msc</subfield></datafield><datafield ind1="0" ind2="0" tag="050"><subfield code="a">Newspaper 9478</subfield></datafield><datafield ind1="0" ind2="0" tag="245"><subfield code="a">Kennedy's Sunbury &amp; Northumberland gazette.</subfield></datafield><datafield ind1="1" ind2="0" tag="246"><subfield code="a">Kennedy's Sunbury and Northumberland gazette</subfield></datafield><datafield ind1="1" ind2="0" tag="246"><subfield code="a">Sunbury &amp; Northumberland gazette</subfield></datafield><datafield ind1=" " ind2=" " tag="260"><subfield code="a">Northumberland [Pa.] :</subfield><subfield code="b">Printed by Andrew Kennedy,</subfield><subfield code="c">1801-</subfield></datafield><datafield ind1=" " ind2=" " tag="300"><subfield code="a">v. ;</subfield><subfield code="c">44-46 cm.</subfield></datafield><datafield ind1=" " ind2=" " tag="310"><subfield code="a">Weekly</subfield></datafield><datafield ind1="0" ind2=" " tag="362"><subfield code="a">Vol. 10, no. 1 (June 27, 1801)-</subfield></datafield><datafield ind1="4" ind2=" " tag="510"><subfield code="a">Brigham, C.S.  Amer. newspapers,</subfield><subfield code="c">p. 887</subfield></datafield><datafield ind1="1" ind2=" " tag="700"><subfield code="a">Kennedy, Andrew,</subfield><subfield code="d">-1819.</subfield></datafield><datafield ind1=" " ind2=" " tag="752"><subfield code="a">United States</subfield><subfield code="b">Pennsylvania</subfield><subfield code="c">Northumberland</subfield><subfield code="d">Northumberland.</subfield></datafield><datafield ind1="0" ind2="0" tag="780"><subfield code="t">Sunbury and Northumberland gazette</subfield><subfield code="w">(DLC)sn 84031377</subfield></datafield><datafield ind1="0" ind2="0" tag="785"><subfield code="t">Sunbury and Northumberland gazette, and Republican advertiser</subfield><subfield code="w">(DLC)sn 86053807</subfield></datafield></record>